@ARTICLE {martin1996,
    author  = {Robert C. Martin},
    title   = {The Dependency Inversion Principle},
    journal = {The C++ Report},
    year    = {1996},
    volume  = {8},
    number  = {6},
    pages   = {61-66},
    month   = {June}
}
@ARTICLE {foote1988,
	author  = {R. E. Johnson and B. Foote},
	title   = {Designing reusable classes},
	journal = {Journal of Object-Oriented Programming},
	year    = {1988},
	volume  = {1},
	number  = {2},
	pages   = {22-35}
}
@MISC {tonymarston2016,
	author = {Tony Marston},
	title  = {Dependency Injection in EVIL},
	month  = {Oct},
	year   = {2016},
	howpublished = {[Online] \url{http://www.tonymarston.net/php-mysql/dependency-injection-is-evil.html}}
}
@CONFERENCE {hongyulyangewantemperohaydenmelton2008,
	author       = {Hong Yul Yang and Ewan Tempero and Hayden Melton},
	title        = {An Empirical Study into Use of Dependency Injection in Java},
	booktitle    = {19th Australian Conference on Software Engineering},
	year         = {2008},
	pages        = {239-247},
	address      = {Perth, WA, Australia},
	month        = {Mar},
	organization = {ASWEC 2008},
	publisher    = {IEEE}
}
@ARTICLE {rodjohnson2005,
	author  = {Rod Johnson},
	title   = {J2EE development frameworks},
	journal = {Computer},
	year    = {2005},
	volume  = {38},
	number  = {1},
	pages   = {107 - 110},
	month   = {Jan}
}
@MISC {dennisdoomen2018,
	author       = "Dennis Doomen",
	title        = "Donâ€™t Blame the Dependency Injection Framework",
	howpublished = "[Online] Java Zone - Tutorial \url{https://dzone.com/articles/dont-blame-the-dependency-injection-framework}",
	month        = "May",
	year         = "2018"
}
@INPROCEEDINGS {ekaterinarazinadavidjanzen2007,
	author    = {Ekaterina Razina and David Janzen},
	title     = {Effects of Dependency Injection on Maintainability},
	booktitle = {IASTED International Conference on Software Engineering and Applications},
	year      = {2007},
	pages     = {7-12},
	address   = {Cambridge, MA},
	month     = {Nov}
}
@MISC {guicewiki2014,
	author       = {{Google}},
	title        = {Getting Started - google/guice Wiki},
	howpublished = {[Online] \url{https://github.com/google/guice/wiki/GettingStarted}},
	month        = {Jul},
	year         = {2014}
}
@MISC {spring2019,
	author       = {{Spring}},
	title        = {Core Technologies - Dependencies},
	howpublished = {[Online] \url{https://docs.spring.io/spring/docs/current/spring-framework-reference/core.html\#beans-dependencies}},
	month        = {Feb},
	year         = {2019}
}
@MISC {dagger2019,
	author       = {{Dagger}},
	title        = {User's Guide},
	howpublished = {[Online] \url{https://google.github.io/dagger/users-guide}},
	year         = {2019}
}